@book{tapscott2016blockchain,
  title={Blockchain Revolution: How the Technology Behind Bitcoin is Changing Money, Business, and the World},
  author={Tapscott, D. and Tapscott, A.},
  year={2016},
  publisher={Penguin}
}

@article{mazieres2019stellar,
  title={The Stellar Consensus Protocol: A Federated Model for Internet-level Consensus},
  author={Mazi{\`e}res, D.},
  year={2019},
  publisher={Stellar Development Foundation}
}

@article{binanceresearch2021defi,
  title={Decentralized Finance: On Blockchain- and Smart Contract-Based Financial Markets},
  author={{Binance Research}},
  year={2021},
  url={https://research.binance.com/}
}

@inproceedings{zheng2018blockchain,
  title={An Overview of Blockchain Technology: Architecture, Consensus, and Future Trends},
  author={Zheng, Z. and Xie, S. and Dai, H. and Chen, X. and Wang, H.},
  booktitle={2018 IEEE International Congress on Big Data (BigData Congress)},
  pages={557--564},
  year={2018},
  organization={IEEE}
}

@book{swan2015blockchain,
  title={Blockchain: Blueprint for a New Economy},
  author={Swan, M.},
  year={2015},
  publisher={O'Reilly Media}
}

@misc{buterin2014ethereum,
  title={Ethereum: A Next-Generation Smart Contract and Decentralized Application Platform},
  author={Buterin, V.},
  year={2014},
  howpublished={\url{https://ethereum.org/en/whitepaper/}}
}

@article{christidis2016blockchains,
  title={Blockchains and Smart Contracts for the Internet of Things},
  author={Christidis, K. and Devetsikiotis, M.},
  journal={IEEE Access},
  volume={4},
  pages={2292--2303},
  year={2016}
}

@misc{aws2021managedblockchain,
  title={Amazon Managed Blockchain},
  author={{Amazon Web Services, Inc.}},
  year={2021},
  url={https://aws.amazon.com/managed-blockchain/}
}

@misc{googlecloud2020hedera,
  title={Google Cloud Joins the Hedera Governing Council},
  author={{Google Cloud}},
  year={2020},
  url={https://cloud.google.com/blog/products/gcp/google-cloud-joins-the-hedera-governing-council}
}

@misc{microsoft2018azure,
  title={Simplifying blockchain app development with Azure Blockchain Workbench},
  author={{Microsoft}},
  year={2018},
  url={https://azure.microsoft.com/en-us/services/blockchain-workbench/}
}

@article{schar2021defi,
  title={Decentralized Finance: On Blockchain- and Smart Contract-Based Financial Markets},
  author={Sch{\"a}r, F.},
  journal={Federal Reserve Bank of St. Louis Review},
  volume={Second Quarter 2021},
  number={103(2)},
  pages={153--174},
  year={2021}
}

@article{nadini2021nft,
  title={Mapping the NFT revolution: market trends, trade networks, and visual features},
  author={Nadini, M. and Alessandretti, L. and Di Giacinto, F. and Martino, M. and Aiello, L. M. and Baronchelli, A.},
  journal={Scientific Reports},
  volume={11},
  number={1},
  pages={20902},
  year={2021}
}

@article{wang2019blockchainenabled,
  title={Blockchain-enabled smart contracts: architecture, applications, and future trends},
  author={Wang, S. and Ouyang, L. and Yuan, Y. and Ni, X. and Han, X. and Wang, F. Y.},
  journal={IEEE Transactions on Systems, Man, and Cybernetics: Systems},
  volume={49},
  number={11},
  pages={2266--2277},
  year={2019}
}

@misc{ellis2017chainlink,
  title={Chainlink: A Decentralized Oracle Network},
  author={Ellis, T. and Juels, A. and Nazarov, S.},
  year={2017},
  howpublished={\url{https://chain.link/whitepaper}}
}

@inproceedings{bonneau2015sok,
  title={SoK: Research Perspectives and Challenges for Bitcoin and Cryptocurrencies},
  author={Bonneau, J. and Miller, A. and Clark, J. and Narayanan, A. and Kroll, J. A. and Felten, E. W.},
  booktitle={2015 IEEE Symposium on Security and Privacy},
  pages={104--121},
  year={2015},
  organization={IEEE}
}

@misc{evans2020defi,
  title={Why DeFi Yield Farming is a Zero-Sum Game},
  author={Evans, J.},
  year={2020},
  howpublished={\url{https://www.coindesk.com/}}
}

@misc{daomaker2021,
  title={Creating growth technologies and funding frameworks for startups, while simultaneously reducing risks for investors},
  author={{DAO Maker}},
  year={2021},
  howpublished={\url{https://daomaker.com/}}
}

@misc{pwcblockchain,
  title={Blockchain - new tool to cut costs},
  author={{PwC}},
  note={Retrieved from \url{https://www.pwc.com/m1/en/media-centre/articles/blockchain-new-tool-to-cut-costs.html}}
}

@misc{imfcrypto,
  title={The technology behind crypto can also improve payments, providing a public good},
  author={{International Monetary Fund (IMF)}},
  note={Retrieved from \url{https://www.imf.org/en/Blogs/Articles/2023/02/23/technology-behind-crypto-can-also-improve-payments-providing-a-public-good}}
}

@misc{ibmblockchain,
  title={Blockchain for financial services},
  author={{IBM}},
  note={Retrieved from \url{https://www.ibm.com/blockchain/industries/financial-services}}
}

@misc{mckinseyblockchain,
  title={Blockchain beyond the hype: What is the strategic business value?},
  author={{McKinsey \& Company}},
  note={Retrieved from \url{https://www.mckinsey.com/capabilities/mckinsey-digital/our-insights/blockchain-beyond-the-hype-what-is-the-strategic-business-value}}
}

@misc{bismonetary,
  title={The future monetary system},
  author={{Bank for International Settlements (BIS)}},
  note={Retrieved from \url{https://www.bis.org/publ/arpdf/ar2022e3.htm}}
}

@techreport{catalinigans2020,
  author = {Catalini, C. and Gans, J. S.},
  title = {Some Simple Economics of the Blockchain},
  year = {2020},
  institution = {MIT Sloan School of Management},
  type = {Research Paper},
  number = {5191-16}
}

@article{weylohmmaxwell2018,
  author = {Weyl, E. G. and Ohm, P. and Maxwell, K.},
  title = {Property Is Another Name for Monopoly: Facilitative Leases in a World of Digital Peer-to-Peer Transactions},
  journal = {Journal of Institutional Economics},
  volume = {14},
  number = {5},
  pages = {781--803},
  year = {2018}
}

@book{narayananetal2016,
  author = {Narayanan, A. and Bonneau, J. and Felten, E. and Miller, A. and Goldfeder, S.},
  title = {Bitcoin and Cryptocurrency Technologies: A Comprehensive Introduction},
  publisher = {Princeton University Press},
  year = {2016}
}
@misc{christies2021beeple,
  author = {{Christie's}},
  title = {Beeple's 'Everydays: The First 5000 Days' NFT fetches \$69.3 M},
  year = {2021},
  howpublished = {Christie's News},
}

@article{schilling2019technology,
  author = {Schilling, M. A.},
  title = {Technology Shocks, Technological Collaboration, and Innovation Outcomes},
  journal = {Organization Science},
  volume = {30},
  number = {3},
  pages = {484--502},
  year = {2019},
  doi = {10.1287/orsc.2018.1255}
}

@article{zohar2015bitcoin,
  author = {Zohar, A.},
  title = {Bitcoin: Under the Hood},
  journal = {Communications of the ACM},
  volume = {58},
  number = {9},
  pages = {104--113},
  year = {2015},
  doi = {10.1145/2701411}
}

@article{adler2018astraea,
  author = {Adler, J. and Berryhill, J. and Veneris, A. and Poulos, Z. and Veira, N. and Kastania, A.},
  title = {Astraea: A Decentralized Blockchain Oracle},
  journal = {IEEE Access},
  volume = {6},
  pages = {62118--62130},
  year = {2018},
  doi = {10.1109/ACCESS.2018.2875781}
}

@book{defilippi2018blockchain,
  author = {De Filippi, P. and Wright, A.},
  title = {Blockchain and the Law: The Rule of Code},
  publisher = {Harvard University Press},
  year = {2018},
}
@misc{nakamoto2008bitcoin,
  author = {Nakamoto, S.},
  title = {Bitcoin: A Peer-to-Peer Electronic Cash System},
  year = {2008},
  howpublished = {\url{https://bitcoin.org/bitcoin.pdf}},
  note = {Retrieved from}
}
